@ARTICLE{2013MNRAS.434.2825K,
   author = {{Klu{\'z}niak}, W. and {Rosi{\'n}ska}, D.},
    title = "{Orbital and epicyclic frequencies of Maclaurin spheroids}",
  journal = {\mnras},
 keywords = {black hole physics, dense matter, gravitation, instabilities, stars: neutron},
     year = 2013,
    month = oct,
   volume = 434,
    pages = {2825-2829},
      doi = {10.1093/mnras/stt1185},
   adsurl = {http://adsabs.harvard.edu/abs/2013MNRAS.434.2825K},
  adsnote = {Provided by the SAO/NASA Astrophysics Data System}
}
@ARTICLE{1973A&A....24..337S,
   author = {{Shakura}, N.~I. and {Sunyaev}, R.~A.},
    title = "{Black holes in binary systems. Observational appearance.}",
  journal = {\aap},
     year = 1973,
   volume = 24,
    pages = {337-355},
   adsurl = {http://adsabs.harvard.edu/abs/1973A%26A....24..337S},
  adsnote = {Provided by the SAO/NASA Astrophysics Data System}
}
@INPROCEEDINGS{1973blho.conf..343N,
   author = {{Novikov}, I.~D. and {Thorne}, K.~S.},
    title = "{Astrophysics of black holes.}",
booktitle = {Black Holes (Les Astres Occlus)},
     year = 1973,
   editor = {{Dewitt}, C. and {Dewitt}, B.~S.},
    pages = {343-450},
   adsurl = {http://adsabs.harvard.edu/abs/1973blho.conf..343N},
  adsnote = {Provided by the SAO/NASA Astrophysics Data System}
}
@ARTICLE{1974MNRAS.168..603L,
   author = {{Lynden-Bell}, D. and {Pringle}, J.~E.},
    title = "{The evolution of viscous discs and the origin of the nebular variables.}",
  journal = {\mnras},
     year = 1974,
    month = sep,
   volume = 168,
    pages = {603-637},
   adsurl = {http://adsabs.harvard.edu/abs/1974MNRAS.168..603L},
  adsnote = {Provided by the SAO/NASA Astrophysics Data System}
}
@ARTICLE{2002A&A...381L..21A,
   author = {{Amsterdamski}, P. and {Bulik}, T. and {Gondek-Rosi{\'n}ska}, D. and 
	{Klu{\'z}niak}, W.},
    title = "{Marginally stable orbits around Maclaurin spheroids and low-mass quark stars}",
  journal = {\aap},
   eprint = {astro-ph/0012547},
 keywords = {DENSE MATTER, EQUATION OF STATE, STARS: NEUTRON, STARS: BINARIES: GENERAL, X-RAYS: STARS},
     year = 2002,
    month = jan,
   volume = 381,
    pages = {L21-L24},
      doi = {10.1051/0004-6361:20011555},
   adsurl = {http://adsabs.harvard.edu/abs/2002A%26A...381L..21A},
  adsnote = {Provided by the SAO/NASA Astrophysics Data System}
}
@ARTICLE{2000astro.ph..6266K,
   author = {{Kluzniak}, W. and {Kita}, D.},
    title = "{Three-dimensional structure of an alpha accretion disk}",
  journal = {ArXiv Astrophysics e-prints},
   eprint = {astro-ph/0006266},
 keywords = {Astrophysics},
     year = 2000,
    month = jun,
   adsurl = {http://adsabs.harvard.edu/abs/2000astro.ph..6266K},
  adsnote = {Provided by the SAO/NASA Astrophysics Data System}
}
@ARTICLE{1991ApJ...376..214B,
   author = {{Balbus}, S.~A. and {Hawley}, J.~F.},
    title = "{A powerful local shear instability in weakly magnetized disks. I - Linear analysis. II - Nonlinear evolution}",
  journal = {\apj},
 keywords = {Accretion Disks, Magnetohydrodynamic Stability, Stellar Magnetic Fields, Stellar Mass Accretion, Boussinesq Approximation, Computational Astrophysics, Linear Systems},
     year = 1991,
    month = jul,
   volume = 376,
    pages = {214-233},
      doi = {10.1086/170270},
   adsurl = {http://adsabs.harvard.edu/abs/1991ApJ...376..214B},
  adsnote = {Provided by the SAO/NASA Astrophysics Data System}
}
@ARTICLE{2010A&A...513A..79B,
   author = {{Birnstiel}, T. and {Dullemond}, C.~P. and {Brauer}, F.},
    title = "{Gas- and dust evolution in protoplanetary disks}",
  journal = {\aap},
archivePrefix = "arXiv",
   eprint = {1002.0335},
 primaryClass = "astro-ph.EP",
 keywords = {accretion, accretion disks, circumstellar matter, stars: formation, stars: pre-main sequence, infrared: stars},
     year = 2010,
    month = apr,
   volume = 513,
      eid = {A79},
    pages = {A79},
      doi = {10.1051/0004-6361/200913731},
   adsurl = {http://adsabs.harvard.edu/abs/2010A%26A...513A..79B},
  adsnote = {Provided by the SAO/NASA Astrophysics Data System}
}
@ARTICLE{2009A&A...500..621K,
   author = {{Kov{\'a}cs}, Z. and {Cheng}, K.~S. and {Harko}, T.},
    title = "{Thin accretion discs around neutron and quark stars}",
  journal = {\aap},
 keywords = {accretion, accretion disks, gravitation, starts: neutron, stars: rotation, stars: equation of state, dense matter},
     year = 2009,
    month = jun,
   volume = 500,
    pages = {621-631},
      doi = {10.1051/0004-6361/200811412},
   adsurl = {http://adsabs.harvard.edu/abs/2009A%26A...500..621K},
  adsnote = {Provided by the SAO/NASA Astrophysics Data System}
}
@ARTICLE{2014arXiv1403.1129G,
   author = {{Gondek-Rosinska}, D. and {Kluzniak}, W. and {Stergioulas}, N. and 
	{Wisniewicz}, M.},
    title = "{Epicyclic frequencies for rotating strange quark stars: the importance of stellar oblateness}",
  journal = {ArXiv e-prints},
archivePrefix = "arXiv",
   eprint = {1403.1129},
 primaryClass = "astro-ph.SR",
 keywords = {Astrophysics - Solar and Stellar Astrophysics, General Relativity and Quantum Cosmology},
     year = 2014,
    month = mar,
   adsurl = {http://adsabs.harvard.edu/abs/2014arXiv1403.1129G},
  adsnote = {Provided by the SAO/NASA Astrophysics Data System}
}
@ARTICLE{1993A&A...274..796B,
   author = {{Bisnovatyi-Kogan}, G.~S.},
    title = "{A self-consistent solution for an accretion disc structure around a rapidly rotating non-magnetized star}",
  journal = {\aap},
 keywords = {accretion disks, hydrodynamics, stars: neutron, X-rays: stars},
     year = 1993,
    month = jul,
   volume = 274,
    pages = {796},
   adsurl = {http://adsabs.harvard.edu/abs/1993A%26A...274..796B},
  adsnote = {Provided by the SAO/NASA Astrophysics Data System}
}
